@INPROCEEDINGS{RefWork:1, 
author={S. Aguiar and W. Yánez and D. Benítez}, 
booktitle={2016 IEEE International Autumn Meeting on Power, Electronics and Computing (ROPEC)}, 
title={Low complexity approach for controlling a robotic arm using the Emotiv EPOC headset}, 
year={2016}, 
pages={1-6}, 
keywords={dexterous manipulators;human-robot interaction;interactive devices;2D space representation;EEG electrodes;Emotiv EPOC headset;eye winks activity recognition;head-computer interface;low complexity approach;low cost neuroheadset;parametric curve;parametric experimental functions;robotic arm control;Electrodes;Graphical user interfaces;Gyroscopes;Headphones;Manipulators;Servomotors;Emotiv EPOC Headset;Head Computer Interface;Low Complexity;Robotic Arm}, 
doi={10.1109/ROPEC.2016.7830526}, 
month={Nov},}

@INPROCEEDINGS{RefWork:2, 
author={D. Prince and M. Edmonds and A. Sutter and M. Cusumano and W. Lu and V. Asari}, 
booktitle={2015 National Aerospace and Electronics Conference (NAECON)}, 
title={Brain machine interface using Emotiv EPOC to control robai cyton robotic arm}, 
year={2015}, 
pages={263-266}, 
keywords={brain-computer interfaces;electroencephalography;human-robot interaction;manipulators;signal classification;EEG classification suite;Emotiv EPOC headset;Emotiv recognition software;LDA;brain machine interface;electroencephalography;linear discriminant analysis;raw EEG brain activity data;recognition software suite;robai cyton robotic arm control;Electroencephalography;Feature extraction;Headphones;Linear discriminant analysis;Robots;Signal processing;Software}, 
doi={10.1109/NAECON.2015.7443080}, 
month={June},}

@INPROCEEDINGS{RefWork:3, 
author={P. Chowdhury and S. S. Kibria Shakim and M. R. Karim and M. K. Rhaman}, 
booktitle={2014 International Conference on Informatics, Electronics Vision (ICIEV)}, 
title={Cognitive efficiency in robot control by Emotiv EPOC}, 
year={2014}, 
pages={1-6}, 
keywords={brain-computer interfaces;electroencephalography;face recognition;medical robotics;medical signal processing;signal sampling;BCI system;EEG;EMG;EOG;Emotiv EPOC;advanced electrode sensors;brain computer interface;cognitive efficiency;electroencephalography;facial expression;robot control;sequential sampling;two wheeler robot;DC motors;Electroencephalography;Headphones;Microcontrollers;Mobile robots;Software;BCI;EEG;EMG;EOG;Efficiency;Sequential sampling}, 
doi={10.1109/ICIEV.2014.6850775}, 
month={May},}